@book{1,
	author = {},
	title = {Анализ и управлении финансовым состоянием коммерческой организации / Н. Н. Илышева, С. И. Крылов.},
	date = {2015},
	publisher = {Финансы и статистика; ИНФРА-М},
	location = {М.},
	pagetotal = {240},
	}
@book{2,
	author = {},
	title = {Жилкина, А. Н. Финансовый анализ : учебник и практикум для академического бакалавриата / А. Н. Жилкина.},
	date = {2018},
	note = {(Серия : Бакалавр. Академический курс)},
	publisher = {Издательство Юрайт},
	location = {М.},
	pagetotal = {285},
}
@book{3,
	author = {},
	title = {Казакова, Н. А. Финансовый анализ : учебник и практикум для бакалавриата и магистратуры / Н. А. Казакова.},
	date = {2018},
	note = {(Серия : Бакалавр и магистр. Академический курс).},
	publisher = {Издательство Юрайт},
	location = {М.},
	pagetotal = {470},
}
@book{4,
	author = {},
	title = {Григорьева, Т. И. Финансовый анализ для менеджеров: оценка, прогноз : учебник для бакалавриата и магистратуры / Т. И. Григорьева. — 3-е изд., перераб. и доп.},
	date = {2018},
	note = {(Серия : Бакалавр и магистр. Академический курс).},
	publisher = {Издательство Юрайт},
	location = {М.},
	pagetotal = {486},
	}
@book{5,
	author = {},
	title = {Крылов, С. И. <<Анализ финансовых результатов коммерческой организации по данным отчета о прибылях и убытках>> --- Финансовый вестник: финансы, налоги, страхование, бухгалтерский yчет ---	№ 12, декабрь 2010},
}
